<?xml version="1.0" encoding="UTF-8"?><collection xmlns="http://www.loc.gov/MARC21/slim"><record><leader>00700nam--2200193-i-4500</leader><controlfield tag="001">000043628</controlfield><controlfield tag="002">20161230</controlfield><controlfield tag="005">20161230201044</controlfield><controlfield tag="008">060222s1000------------r-----000-0-eng-d</controlfield><datafield ind1=" " ind2=" " tag="020"><subfield code="a">82000092569</subfield></datafield><datafield ind1=" " ind2=" " tag="040"><subfield code="a">IFIN-HH</subfield></datafield><datafield ind1=" " ind2=" " tag="080"><subfield code="a">061.3:539.2:536.425</subfield></datafield><datafield ind1="1" ind2=" " tag="100"><subfield code="a">Samuelsen, Emil J</subfield></datafield><datafield ind1="1" ind2="0" tag="245"><subfield code="a">Structural phase transitions and soft modes</subfield><subfield code="b">Proceedings of the nato advanced study institute at geilo, norway, 13-th - 20th april 1971 organized by the netherlands-norwegian reactor school</subfield><subfield code="c">Emil j. samuelsen, eigil andersen, jens feder (eds.)</subfield></datafield><datafield ind1=" " ind2=" " tag="260"><subfield code="a">Oslo</subfield><subfield code="b">Universitetsforlaget</subfield><subfield code="c">1971</subfield></datafield><datafield ind1=" " ind2=" " tag="300"><subfield code="a">424P</subfield></datafield><datafield ind1="1" ind2=" " tag="700"><subfield code="a">Feder, Jens</subfield><subfield code="e">Ed</subfield></datafield><datafield ind1=" " ind2=" " tag="852"><subfield code="a">38465</subfield><subfield code="c">539.2</subfield></datafield><datafield ind1=" " ind2=" " tag="CAT"><subfield code="a">Sys</subfield><subfield code="c">20121023</subfield><subfield code="h">110623</subfield></datafield></record></collection>